<?xml version="1.0" encoding="UTF-8"?><collection xmlns="http://www.loc.gov/MARC21/slim"><record><leader>00589nam--2200205-u-4500</leader><controlfield tag="001">000056864</controlfield><controlfield tag="002">20200911</controlfield><controlfield tag="005">20200911024556</controlfield><controlfield tag="008">200911s1000------------r-----000-0-eng-d</controlfield><datafield ind1=" " ind2=" " tag="040"><subfield code="a">ifin-hh</subfield></datafield><datafield ind1="1" ind2=" " tag="041"><subfield code="a">eng</subfield></datafield><datafield ind1="1" ind2=" " tag="100"><subfield code="a">Feng, D. H</subfield></datafield><datafield ind1="1" ind2="0" tag="240"><subfield code="a">The Beauty of Mathematics in Science. Yhe Intellectual Path of J.Q. CHEN</subfield></datafield><datafield ind1="1" ind2=" " tag="245"><subfield code="b">D.H. Feng; F. Iachello; J.L. Ping; F. Wang (Eds.)</subfield></datafield><datafield ind1=" " ind2=" " tag="260"><subfield code="a">New Jersey</subfield><subfield code="b">Springer</subfield><subfield code="c">2004</subfield></datafield><datafield ind1=" " ind2=" " tag="300"><subfield code="a">XVIII+266 p</subfield></datafield><datafield ind1=" " ind2=" " tag="500"><subfield code="a">Donatie Acad. Nicolae Victor Zamfir</subfield></datafield><datafield ind1="1" ind2=" " tag="700"><subfield code="a">Wang, F</subfield></datafield><datafield ind1="1" ind2=" " tag="852"><subfield code="a">82805</subfield><subfield code="c">N.V.Z</subfield></datafield><datafield ind1=" " ind2=" " tag="CAT"><subfield code="a">SYS</subfield><subfield code="c">20200911</subfield><subfield code="h">024556</subfield></datafield></record></collection>